@book{craig_introduction_2005,
	address = {Upper Saddle River, NJ},
	edition = {3. ed., international ed},
	series = {Pearson education international},
	title = {Introduction to robotics: mechanics and control},
	isbn = {9780131236295},
	shorttitle = {Introduction to robotics},
	language = {eng},
	publisher = {Pearson, Prentice Hall},
	author = {Craig, John J.},
	year = {2005},
	note = {OCLC: 249488662},
}

@article{dijkstra1959note,
  title={A note on two problems in connexion with graphs},
  author={Dijkstra, Edsger W},
  journal={Numerische mathematik},
  volume={1},
  number={1},
  pages={269--271},
  year={1959},
  publisher={Springer}
} 

@ARTICLE{508439,
  author={Kavraki, L.E. and Svestka, P. and Latombe, J.-C. and Overmars, M.H.},
  journal={IEEE Transactions on Robotics and Automation}, 
  title={Probabilistic roadmaps for path planning in high-dimensional configuration spaces}, 
  year={1996},
  volume={12},
  number={4},
  pages={566-580},
  doi={10.1109/70.508439}
}

@article{Hart1968,
  doi = {10.1109/tssc.1968.300136},
  url = {https://doi.org/10.1109/tssc.1968.300136},
  year = {1968},
  publisher = {Institute of Electrical and Electronics Engineers ({IEEE})},
  volume = {4},
  number = {2},
  pages = {100--107},
  author = {Peter Hart and Nils Nilsson and Bertram Raphael},
  title = {A Formal Basis for the Heuristic Determination of Minimum Cost Paths},
  journal = {{IEEE} Transactions on Systems Science and Cybernetics}
} 

 @article{koenig2005fast,
  title={Fast replanning for navigation in unknown terrain},
  author={Koenig, Sven and Likhachev, Maxim},
  journal={IEEE Transactions on Robotics},
  volume={21},
  number={3},
  pages={354--363},
  year={2005},
  publisher={IEEE}
} 

 @article{pathsmoothtechniques,
  title={Path Smoothing Techniques in Robot Navigation: State-of-the-Art, Current and Future Challenges},
  author={Ravankar A, Ravankar AA, Kobayashi Y, Hoshino Y, Peng CC.},
  journal={Sensors (Basel)},
  pages={},
  year={2018},
  publisher={}
} 


@INPROCEEDINGS{8206458,
  author={Rösmann, Christoph and Hoffmann, Frank and Bertram, Torsten},
  booktitle={2017 IEEE/RSJ International Conference on Intelligent Robots and Systems (IROS)}, 
  title={Kinodynamic trajectory optimization and control for car-like robots}, 
  year={2017},
  volume={},
  number={},
  pages={5681-5686},
  doi={10.1109/IROS.2017.8206458}}


16. C. Rösmann, W. Feiten, T. Wösch, F. Hoffmann and T. Bertram, "Trajectory modification considering dynamic constraints of autonomous robots", 7th German Conference on Robotics, pp. 74-79, 2012.

17. C. Rösmann, F. Hoffmann and T. Bertram, "Integrated online trajectory planning and optimization in distinctive topologies", Robotics and Autonomous Systems, vol. 88, pp. 142-153, 2017.


@INPROCEEDINGS{8460818,

  author={Heiden, Eric and Palmieri, Luigi and Koenig, Sven and Arras, Kai O. and Sukhatme, Gaurav S.},

  booktitle={2018 IEEE International Conference on Robotics and Automation (ICRA)}, 

  title={Gradient-Informed Path Smoothing for Wheeled Mobile Robots}, 

  year={2018},

  volume={},

  number={},

  pages={1710-1717},

  doi={10.1109/ICRA.2018.8460818}}
