@book{craig_introduction_2005,
	address = {Upper Saddle River, NJ},
	edition = {3. ed., international ed},
	series = {Pearson education international},
	title = {Introduction to robotics: mechanics and control},
	isbn = {9780131236295},
	shorttitle = {Introduction to robotics},
	language = {eng},
	publisher = {Pearson, Prentice Hall},
	author = {Craig, John J.},
	year = {2005},
	note = {OCLC: 249488662},
}

@article{dijkstra1959note,
  title={A note on two problems in connexion with graphs},
  author={Dijkstra, Edsger W},
  journal={Numerische mathematik},
  volume={1},
  number={1},
  pages={269--271},
  year={1959},
  publisher={Springer}
} 

@ARTICLE{PRM,
  author={Kavraki, L.E. and Svestka, P. and Latombe, J.-C. and Overmars, M.H.},
  journal={IEEE Transactions on Robotics and Automation}, 
  title={Probabilistic roadmaps for path planning in high-dimensional configuration spaces}, 
  year={1996},
  volume={12},
  number={4},
  pages={566-580},
  doi={10.1109/70.508439}
}

@article{Hart1968,
  doi = {10.1109/tssc.1968.300136},
  url = {https://doi.org/10.1109/tssc.1968.300136},
  year = {1968},
  publisher = {Institute of Electrical and Electronics Engineers ({IEEE})},
  volume = {4},
  number = {2},
  pages = {100--107},
  author = {Peter Hart and Nils Nilsson and Bertram Raphael},
  title = {A Formal Basis for the Heuristic Determination of Minimum Cost Paths},
  journal = {{IEEE} Transactions on Systems Science and Cybernetics}
} 

 @article{koenig2005fast,
  title={Fast replanning for navigation in unknown terrain},
  author={Koenig, Sven and Likhachev, Maxim},
  journal={IEEE Transactions on Robotics},
  volume={21},
  number={3},
  pages={354--363},
  year={2005},
  publisher={IEEE}
} 

 @article{bezier2018,
  title={Path Smoothing Techniques in Robot Navigation: State-of-the-Art Current and Future Challenges},
  author={Ravankar A and Ravankar AA and Kobayashi Y and  Hoshino Y and Peng CC.},
  journal={Sensors (Basel)},
  year = {2018}
} 


@INPROCEEDINGS{time_elastic_band,
  author={Rösmann, Christoph and Hoffmann, Frank and Bertram, Torsten},
  booktitle={2017 IEEE/RSJ International Conference on Intelligent Robots and Systems (IROS)}, 
  title={Kinodynamic trajectory optimization and control for car-like robots}, 
  year={2017},
  volume={},
  number={},
  pages={5681-5686},
  doi={10.1109/IROS.2017.8206458}}


@INPROCEEDINGS{gradient_informed_path_smoothing,

  author={Heiden, Eric and Palmieri, Luigi and Koenig, Sven and Arras, Kai O. and Sukhatme, Gaurav S.},

  booktitle={2018 IEEE International Conference on Robotics and Automation (ICRA)}, 

  title={Gradient-Informed Path Smoothing for Wheeled Mobile Robots}, 

  year={2018},

  volume={},

  number={},

  pages={1710-1717},

  doi={10.1109/ICRA.2018.8460818}}


@article{LaValle1998RapidlyexploringRT,
  title={Rapidly-exploring random trees : a new tool for path planning},
  author={Steven M. LaValle},
  journal={The annual research report},
  year={1998}
}


@book{thrun2005probabilistic,
  abstract = {Probablistic robotics is a growing area in the subject, concerned with perception and control in the face of uncertainty and giving robots a level of robustness in real-world situations. This book introduces techniques and algorithms in the field.},
  address = {Cambridge, Mass.},
  author = {Thrun, Sebastian and Burgard, Wolfram and Fox, Dieter},
  description = {Probabilistic Robotics Intelligent Robotics and Autonomous Agents: Amazon.de: Sebastian Thrun, Wolfram Burgard, Dieter Fox: Bücher},
  keywords = {SLAM localisation mapping robot topoi},
  publisher = {MIT Press},
  timestamp = {2015-10-22T23:05:09.000+0200},
  title = {Probabilistic robotics},
  url = {http://www.amazon.de/gp/product/0262201623/102-8479661-9831324?v=glance&n=283155&n=507846&s=books&v=glance},
  year = 2005
}


@book{Lav06,
  author       = {S. M. LaValle},
  title        = {Planning Algorithms},
  publisher    = {Cambridge University Press},
  address      = {Cambridge, U.K.},
  note         = {Available at http://planning.cs.uiuc.edu/},
  year         = {2006}
}


@book{gna,
author = {Jungnickel, Dieter},
title = {Graphs, Networks and Algorithms},
year = {2007},
isbn = {3540727795},
publisher = {Springer Publishing Company, Incorporated},
edition = {3rd},

}

@book{Sutton1998,
  added-at = {2019-07-13T10:11:53.000+0200},
  author = {Sutton, Richard S. and Barto, Andrew G.},
  biburl = {https://www.bibsonomy.org/bibtex/2f46601cf8b13d39d1378af0d79438b12/lanteunis},
  edition = {Second},
  interhash = {ac6b144aaec1819919a2fba9f705c852},
  intrahash = {f46601cf8b13d39d1378af0d79438b12},
  keywords = {},
  publisher = {The MIT Press},
  timestamp = {2019-07-13T10:11:53.000+0200},
  title = {Reinforcement Learning: An Introduction},
  url = {http://incompleteideas.net/book/the-book-2nd.html},
  year = {2018 }
}

@INPROCEEDINGS{montecarlo,

  author={Rubino, Gerardo and Tuffin, Bruno},

  booktitle={2009 Sixth International Conference on the Quantitative Evaluation of Systems}, 

  title={An Introduction to Monte Carlo Methods and Rare Event Simulation}, 

  year={2009},

  volume={},

  number={},

  pages={6-6},

  doi={10.1109/QEST.2009.13}}

